@inproceedings{lauterbach2009fast,
  title={Fast BVH construction on GPUs},
  author={Lauterbach, Christian and Garland, Michael and Sengupta, Shubhabrata and Luebke, David and Manocha, Dinesh},
  booktitle={Computer Graphics Forum},
  volume={28},
  number={2},
  pages={375--384},
  year={2009},
  organization={Wiley Online Library}
}

@article{warren1995portable,
  title={A portable parallel particle program},
  author={Warren, Michael S and Salmon, John K},
  journal={Computer Physics Communications},
  volume={87},
  number={1},
  pages={266--290},
  year={1995},
  publisher={Elsevier}
}

@article{Dehnen:2000nh,
      author         = "Dehnen, Walter",
      title          = "{Towards optimal softening in 3-D n-body codes: I.
                        minimizing the force error}",
      journal        = "Mon. Not. Roy. Astron. Soc.",
      volume         = "324",
      year           = "2001",
      pages          = "273",
      doi            = "10.1046/j.1365-8711.2001.04237.x",
      eprint         = "astro-ph/0011568",
      archivePrefix  = "arXiv",
      primaryClass   = "astro-ph",
      SLACcitation   = "%%CITATION = ASTRO-PH/0011568;%%"
}

@inproceedings{warren20132hot,
  title={2HOT: an improved parallel hashed oct-tree n-body algorithm for cosmological simulation},
  author={Warren, Michael S},
  booktitle={Proceedings of the International Conference on High Performance Computing, Networking, Storage and Analysis},
  pages={72},
  year={2013},
  organization={ACM}
}

@article{beatson1997short,
  title={A short course on fast multipole methods},
  author={Beatson, Rick and Greengard, Leslie},
  journal={Wavelets, multilevel methods and elliptic PDEs},
  volume={1},
  pages={1--37},
  year={1997},
  publisher={Leicester}
}

@article{springel2005cosmological,
  title={The cosmological simulation code GADGET-2},
  author={Springel, Volker},
  journal={Monthly Notices of the Royal Astronomical Society},
  volume={364},
  number={4},
  pages={1105--1134},
  year={2005},
  publisher={Oxford University Press}
}

@inproceedings{harada2007smoothed,
  title={Smoothed particle hydrodynamics on GPUs},
  author={Harada, Takahiro and Koshizuka, Seiichi and Kawaguchi, Yoichiro},
  booktitle={Computer Graphics International},
  pages={63--70},
  year={2007},
  organization={SBC Petropolis}
}

@inproceedings{ihmsen2011parallel,
  title={A Parallel SPH Implementation on Multi-Core CPUs},
  author={Ihmsen, Markus and Akinci, Nadir and Becker, Markus and Teschner, Matthias},
  booktitle={Computer Graphics Forum},
  volume={30},
  number={1},
  pages={99--112},
  year={2011},
  organization={Wiley Online Library}
}

@article{ihmsen2014sph,
  title={SPH fluids in computer graphics},
  author={Ihmsen, Markus and Orthmann, Jens and Solenthaler, Barbara and Kolb, Andreas and Teschner, Matthias},
  year={2014},
  publisher={The Eurographics Association}
}