# For Chapter 3

@article{present2000cramming,
  title={Cramming more components onto integrated circuits},
  author={Present, I},
  journal={Readings in computer architecture},
  volume={56},
  year={2000}
}

@article{murphy2010introducing,
  title={Introducing the graph 500},
  author={Murphy, Richard C and Wheeler, Kyle B and Barrett, Brian W and Ang, James A},
  journal={Cray Users Group (CUG)},
  volume={19},
  pages={45--74},
  year={2010}
}

@inproceedings{wienke2012openacc,
  title={OpenACCâ€”first experiences with real-world applications},
  author={Wienke, Sandra and Springer, Paul and Terboven, Christian and an Mey, Dieter},
  booktitle={European Conference on Parallel Processing},
  pages={859--870},
  year={2012},
  organization={Springer}
}

@inproceedings{fang2011comprehensive,
  title={A comprehensive performance comparison of CUDA and OpenCL},
  author={Fang, Jianbin and Varbanescu, Ana Lucia and Sips, Henk},
  booktitle={Parallel Processing (ICPP), 2011 International Conference on},
  pages={216--225},
  year={2011},
  organization={IEEE}
}

@article{karimi2010performance,
  title={A performance comparison of CUDA and OpenCL},
  author={Karimi, Kamran and Dickson, Neil G and Hamze, Firas},
  journal={arXiv preprint arXiv:1005.2581},
  year={2010}
}

@inproceedings{jetley2010scaling,
  title={Scaling hierarchical N-body simulations on GPU clusters},
  author={Jetley, Pritish and Wesolowski, Lukasz and Gioachin, Filippo and Kal{\'e}, Laxmikant V and Quinn, Thomas R},
  booktitle={Proceedings of the 2010 ACM/IEEE International Conference for High Performance Computing, Networking, Storage and Analysis},
  pages={1--11},
  year={2010},
  organization={IEEE Computer Society}
}

@article{feng2007green500,
  title={The green500 list: Encouraging sustainable supercomputing},
  author={Feng, Wu-chun and Cameron, Kirk},
  journal={Computer},
  volume={40},
  number={12},
  year={2007},
  publisher={IEEE}
}

@misc{dongarra1994top500,
  title={Top500 supercomputer sites},
  author={Dongarra, Jack J and Meuer, Hans W and Strohmaier, Erich and others},
  year={1994},
  publisher={Technical Report RUM 40/94, Computing Centre, Univ. of Mannheim, 68131 Mannheim, Germany}
}

@Book{supinski2017scaling,
 author = {Supinski, Bronis},
 title = {Scaling OpenMP for Exascale Performance and Portability : 13th International Workshop on OpenMP, IWOMP 2017, Stony Brook, NY, USA, September 20-22, 2017, Proceedings},
 publisher = {Springer International Publishing},
 year = {2017},
 address = {Cham},
 isbn = {3319655779}
 }

@Book{chapman2008using,
 author = {Chapman, Barbara},
 title = {Using OpenMP : portable shared memory parallel programming},
 publisher = {MIT Press},
 year = {2008},
 address = {Cambridge, Mass},
 isbn = {0262533022}
 }

@Book{gropp2014using,
 author = {Gropp, William},
 title = {Using MPI : portable parallel programming with the Message-Passing-Interface},
 publisher = {The MIT Press},
 year = {2014},
 address = {Cambridge, MA},
 isbn = {0262527391}
 }

@Book{gropp2015using,
 author = {Gropp, William},
 title = {Using advanced MPI : modern features of the Message-Passing-Interface},
 publisher = {The MIT Press},
 year = {2015},
 address = {Cambridge, MA},
 isbn = {0262527634}
 }

# For Chapter 2 

@inproceedings{kim2008technology,
  title={Technology-driven, highly-scalable dragonfly topology},
  author={Kim, John and Dally, Wiliam J and Scott, Steve and Abts, Dennis},
  booktitle={Computer Architecture, 2008. ISCA'08. 35th International Symposium on},
  pages={77--88},
  year={2008},
  organization={IEEE}
}

@inproceedings{ahn2009hyperx,
  title={HyperX: topology, routing, and packaging of efficient large-scale networks},
  author={Ahn, Jung Ho and Binkert, Nathan and Davis, Al and McLaren, Moray and Schreiber, Robert S},
  booktitle={Proceedings of the Conference on High Performance Computing Networking, Storage and Analysis},
  pages={41},
  year={2009},
  organization={ACM}
}

@article{sodani2016knights,
  title={Knights landing: Second-generation intel xeon phi product},
  author={Sodani, Avinash and Gramunt, Roger and Corbal, Jesus and Kim, Ho-Seop and Vinod, Krishna and Chinthamani, Sundaram and Hutsell, Steven and Agarwal, Rajat and Liu, Yen-Chen},
  journal={Ieee micro},
  volume={36},
  number={2},
  pages={34--46},
  year={2016},
  publisher={IEEE}
}

@article{leng2002empirical,
  title={An empirical study of hyper-threading in high performance computing clusters},
  author={Leng, Tau and Ali, Rizwan and Hsieh, Jenwei and Mashayekhi, Victor and Rooholamini, Reza},
  journal={Linux HPC Revolution},
  volume={45},
  year={2002}
}

@inproceedings{bononi2006exploring,
  title={Exploring the effects of hyper-threading on parallel simulation},
  author={Bononi, Luciano and Bracuto, Michele and D'Angelo, Gabriele and Donatiello, Lorenzo},
  booktitle={Distributed Simulation and Real-Time Applications, 2006. DS-RT'06. Tenth IEEE International Symposium on},
  pages={257--260},
  year={2006},
  organization={IEEE}
}

@article{marr2002hyperthreading,
  title={Hyperthreading technology architecture and microarchitecture: a hyperhtext history},
  author={Marr, Deborah T},
  journal={Intel Technology J},
  volume={6},
  pages={1},
  year={2002}
}

@article{ajima2009tofu,
  title={Tofu: A 6D mesh/torus interconnect for exascale computers},
  author={Ajima, Yuichiro and Sumimoto, Shinji and Shimizu, Toshiyuki},
  journal={Computer},
  volume={42},
  number={11},
  year={2009},
  publisher={IEEE}
}

@article{nvidia2012nvidias,
  title={NVIDIAs next generation CUDA compute architecture: Kepler GK110},
  author={Nvidia, C},
  journal={Technical report, Technical report, Technical report, 2012.[28]<},
  year={2012}
}

@inproceedings{rico2017arm,
  title={ARM HPC Ecosystem and the Reemergence of Vectors},
  author={Rico, Alejandro and Joao, Jos{\'e} A and Adeniyi-Jones, Chris and Van Hensbergen, Eric},
  booktitle={Proceedings of the Computing Frontiers Conference},
  pages={329--334},
  year={2017},
  organization={ACM}
}

# For Chapter 1

@article{rogers2013amd,
  title={Amd heterogeneous uniform memory access},
  author={Rogers, Phil and FELLOW, CORPORATE},
  journal={AMD Whitepaper},
  year={2013}
}

@article{lindholm2008nvidia,
  title={NVIDIA Tesla: A unified graphics and computing architecture},
  author={Lindholm, Erik and Nickolls, John and Oberman, Stuart and Montrym, John},
  journal={IEEE micro},
  volume={28},
  number={2},
  year={2008},
  publisher={IEEE}
}

@article{von1993first,
  title={First Draft of a Report on the EDVAC},
  author={Von Neumann, John},
  journal={IEEE Annals of the History of Computing},
  volume={15},
  number={4},
  pages={27--75},
  year={1993},
  publisher={IEEE}
}

@article{flynn1972some,
  title={Some computer organizations and their effectiveness},
  author={Flynn, Michael J},
  journal={IEEE transactions on computers},
  volume={100},
  number={9},
  pages={948--960},
  year={1972},
  publisher={IEEE}
}

@inproceedings{amdahl1967validity,
  title={Validity of the single processor approach to achieving large scale computing capabilities},
  author={Amdahl, Gene M},
  booktitle={Proceedings of the April 18-20, 1967, spring joint computer conference},
  pages={483--485},
  year={1967},
  organization={ACM}
}

@article{dongarra2016report,
  title={Report on the sunway taihulight system},
  author={Dongarra, Jack},
  journal={PDF). www. netlib. org. Retrieved June},
  volume={20},
  year={2016}
}

@article{johnson1988completing,
  title={Completing an MIMD multiprocessor taxonomy},
  author={Johnson, Eric E},
  journal={ACM SIGARCH Computer Architecture News},
  volume={16},
  number={3},
  pages={44--47},
  year={1988},
  publisher={ACM}
}