# Part 2 Chap 1

@inproceedings{flauzac2003confiit,
  title={CONFIIT: a middleware for peer to peer computing},
  author={Flauzac, Olivier and Krajecki, Micha{\"e}l and Fug{\`e}re, Jean},
  booktitle={International Conference on Computational Science and Its Applications},
  pages={69--78},
  year={2003},
  organization={Springer}
}

@inproceedings{villa2014scaling,
  title={Scaling the power wall: a path to exascale},
  author={Villa, Oreste and Johnson, Daniel R and Oconnor, Mike and Bolotin, Evgeny and Nellans, David and Luitjens, Justin and Sakharnykh, Nikolai and Wang, Peng and Micikevicius, Paulius and Scudiero, Anthony and others},
  booktitle={High Performance Computing, Networking, Storage and Analysis, SC14: International Conference for},
  pages={830--841},
  year={2014},
  organization={IEEE}
}

@article{wulf1995hitting,
  title={Hitting the memory wall: implications of the obvious},
  author={Wulf, Wm A and McKee, Sally A},
  journal={ACM SIGARCH computer architecture news},
  volume={23},
  number={1},
  pages={20--24},
  year={1995},
  publisher={ACM}
}

@inproceedings{suss2006implementing,
  title={Implementing irregular parallel algorithms with OpenMP},
  author={S{\"u}{\ss}, Michael and Leopold, Claudia},
  booktitle={European Conference on Parallel Processing},
  pages={635--644},
  year={2006},
  organization={Springer}
}

@article{javairregular,
  title={Irregular Parallel Algorithms},
  author={Java, Christopher J Riley High-Performance and Transformation-Based, Gabrielle Keller}
}