#################################
# ajout chj 08/04/2016
#################################

@article{prosser93hybrid,
  title={Hybrid algorithms for the constraint satisfaction problem},
  author={Prosser, Patrick},
  journal={Computational intelligence},
  volume={9},
  number={3},
  pages={268--299},
  year={1993},
  publisher={Wiley Online Library}
}


#################################
# etat ant√©rieur 
#################################


@article{CUDAguide,
  title={Compute unified device architecture programming guide},
  author={Nvidia, CUDA},
  year={2007}
}

@book{CUDAhandson,
  title={Programming massively parallel processors: a hands-on approach},
  author={Kirk, David B and Wen-mei, W Hwu},
  year={2012},
  publisher={Newnes}
}

@article{larsen2009counting,
  title={Counting the number of Skolem sequences using inclusion exclusion},
  author={Larsen, J},
  year={2009},
  publisher={Citeseer}
}


@incollection{krajecki1999object,
  title={An object oriented environment to manage the parallelism of the FIIT applications},
  author={Krajecki, Micha{\"e}l},
  booktitle={Parallel Computing Technologies},
  pages={229--235},
  year={1999},
  publisher={Springer}
}

@INPROCEEDINGS{CONFIIT, 
author={Krajecki, M. and Flauzac, O. and Merel, P.-P.}, 
booktitle={Parallel and Distributed Processing Symposium, 2004. Proceedings. 18th International}, 
title={Focus on the communication scheme in the middleware CONFIIT using XML-RPC}, 
year={2004}, 
month={April}, 
pages={160-}, 
keywords={Internet;Java;XML;grid computing;middleware;parallel processing;remote procedure calls;topology;Internet;Java;XML-RPC calls;computer crashdowns;decentralized peer to peer middleware;grid computing;parallel computers;topology management;Computer crashes;Computer networks;Concurrent computing;Distributed computing;Grid computing;Middleware;Network topology;Peer to peer computing;Power system management;Robustness}, 
doi={10.1109/IPDPS.2004.1303152},}

@inproceedings{arbelaez2014gpu,
  title={A GPU implementation of parallel constraint-based local search},
  author={Arbelaez, Alejandro and Codognet, Philippe},
  booktitle={Parallel, Distributed and Network-Based Processing (PDP), 2014 22nd Euromicro International Conference on},
  pages={648--655},
  year={2014},
  organization={IEEE}
}

@Manual{slurm,
title = {SLURM : Simple Linux Utility for Resource Management},
author = {Morris Jette and Mark Grondona},
organization = {U.S. Departement of Energy},
year = {June 23, 2003},
}

@incollection{jenkins2011lessons,
  title={Lessons learned from exploring the backtracking paradigm on the GPU},
  author={Jenkins, John and Arkatkar, Isha and Owens, John D and Choudhary, Alok and Samatova, Nagiza F},
  booktitle={Euro-Par 2011 Parallel Processing},
  pages={425--437},
  year={2011},
  publisher={Springer}
}

@incollection{campeotto2014exploring,
  title={Exploring the use of GPUs in constraint solving},
  author={Campeotto, Federico and Dal Palu, Alessandro and Dovier, Agostino and Fioretto, Ferdinando and Pontelli, Enrico},
  booktitle={Practical Aspects of Declarative Languages},
  pages={152--167},
  year={2014},
  publisher={Springer}
}

@Book{Gard56,
  title={Mathematics, magic and mystery},
  author={Gardner, Martin},
  year={1956},
  publisher={Dover publication},
  pages={208}
}


@PhDThesis {CReSTIC-1154,
  author     = {Jaillet, Christophe},
  title      = {In french: R{\'e}solution parall{\`e}le des probl{\`e}mes combinatoires},
  type       = {PhD},
  school     = {Universit{\'e} de Reims Champagne-Ardenne, France},
  month      = dec,
  year       = 2005
}


@Article{Simp83,
  author = 	 {James E. Simpson},
  title = 	 {Langford Sequences: perfect and hooked},
  journal =  {Discrete Math},
  year = 	 {1983},
  volume = 	 {44},
  number = 	 {1},
  pages = 	 {97--104}
}

@InProceedings {CReSTIC-711,
  author     = {Jaillet, Christophe and Krajecki, Micha{\"e}l},
  title      = {Solving the Langford problem in parallel},
  booktitle  = { International Symposium on Parallel and Distributed Computing},
  address    = {Cork, Ireland},
  publisher  = {IEEE Computer Society},
  pages      = {83-90},
  month      = jul,
  year       = 2004
}

@ARTICLE{ND10,
  author = {Nickolls, John and Dally, William J.},
  title = {{The GPU Computing Era}},
  journal = {IEEE Micro},
  year = {2010},
  volume = {30},
  pages = {56-69},
  number = {2},
  address = {Los Alamitos, CA, USA},
  doi = {http://dx.doi.org/10.1109/MM.2010.41},
  file = {:/mnt/data/Gaby/franta/reims/cuda/Nickolls_GPU.Computing.Era.pdf:PDF},
  issn = {0272-1732},
  publisher = {IEEE Computer Society Press}
}

@Manual{cuda,
	organization={NVIDIA},
	Title = {CUDA C PROGRAMMING GUIDE},
	month={jul},
	Year = {2013},
    note = {http://docs.nvidia.com/cuda/pdf/
    CUDA\_C\_Programming\_Guide.pdf}
}

@Manual{Occupancy,
	organization={NVIDIA},
	Title = {CUDA Occupancy calculator},
    note = {http://developer.download.nvidia.com/
	compute/cuda/CUDA\_Occupancy\_calculator.xls}
}

@Misc{Mil00,
	author={J.E. Miller},
 	Title = {Langford's Problem: http://dialectrix.com/langford.html},
 	Year = {1999},
 	url = {http://www.lclark.edu/~miller/langford.html}
}

@INPROCEEDINGS{Smi00,
	author={Smith, B.},
	title={Modelling a {P}ermutation {P}roblem},
	booktitle={Proceedings of {ECAI'2000}, {W}orkshop on {M}odelling and {S}olving {P}roblems with {C}onstraints, RR 2000.18}, 
	address={Berlin},
	url={http://www.dcs.st-and.ac.uk/~apes/2000.html},
	year={2000}
}
 

@techreport{apes-26,
 	author= {T. Walsh},
 	title={Permutation Problems and Channelling Constraints},
 	institution = {APES Research Group},
 	url= {http://www.dcs.st-and.ac.uk/~apes/reports/apes-26-2001.ps.gz},
 	month={January},
 	year={2001},
 	number={APES-26-2001}
}


@INPROCEEDINGS{HKS02,
	author={Habbas, Z. and Krajecki, M. and Singer, D.},
	title={Parallelizing {C}ombinatorial {S}earch in {S}hared {M}emory},
	booktitle={Proceedings of the fourth European Workshop on OpenMP},
	address={Roma, Italy},
	year={2002}
}

@INPROCEEDINGS{HKS00,
	author={Habbas, Z. and Krajecki, M. and Singer, D.},
	title={Parallel Resolution of CSP with OpenMP},
	booktitle={Proceedings of the second European Workshop on OpenMP},
	address={Edinburgh, Scotland},
	year={2000},
	pages={1--8}
}

@ARTICLE{TAXO, 
author={Flynn, M.}, 
journal={Computers, IEEE Transactions on}, 
title={Some Computer Organizations and Their Effectiveness}, 
year={1972}, 
month={Sept}, 
volume={C-21}, 
number={9}, 
pages={948-960}, 
keywords={Automata;Computer aided instruction;Concurrent computing;Parallel processing;Performance evaluation;Time sharing computer systems;Transmission electron microscopy;Computer organization;instruction stream;overlapped;parallel processors;resource hierarchy}, 
doi={10.1109/TC.1972.5009071}, 
ISSN={0018-9340}
}


@INPROCEEDINGS{Volkov,
  title={Better performance at lower occupancy},
  author={Volkov, Vasily},
  booktitle={Proceedings of the GPU Technology Conference, GTC},
  volume={10},
  pages={16},
  year={2010},
  organization={San Jose, CA}
}

@ARTICLE{Mon74,
  author    = {Montanari, U.},
  title     = {{Networks of Constraints: Fundamental Properties and Applications to Pictures Processing}},
  journal   = {Information Sciences},
  year      = {1974},
  volume    = {7},
  pages     = {95--132}
}

@BOOK{GJ79,
  author    = {Garey, M.~R. and Johnson, D.~S.},
  title     = {{Computer and Intractability}},
  publisher = {Freeman},
  year      = {1979},
  address   = {San~Francisco, CA, USA}
}

@INPROCEEDINGS{ASS_LGF,
  title={Counting the Number of Langford Skolem Pairings},
  author={Assarpour, Ali and Barnoy, Amotz and Liu, Ou},
  journal={arXiv preprint arXiv:1507.00315},
  year={2015}
}




@Manual{Open97,
  organization="OpenMP Architecture Review Board",
  Title = "OpenMP C and C++ Application Program Interface",
  month=oct,
  Year = "1997",
        note = "http://www.openmp.org"
}


@Book{RS90,
  author =   {Sanjay Ranka and Sartaj Sahni},
  ALTeditor =    {},
  title =    {Hypercube Algorithms with Applications to Image Processing and Pattern Recognation},
  publisher =    {Springer-Verlag},
  year =   {1990},
  OPTkey =   {},
  OPTvolume =    {},
  OPTnumber =    {},
  OPTseries =    {},
  OPTaddress =   {},
  OPTedition =   {},
  OPTmonth =   {},
  OPTnote =    {},
  OPTannote =    {}
}


@Book{Pach96,
  author =   {Peter Pacheco},
  title =    {Parallel Programming with MPI},
  publisher =    {Morgan Kaufmann},
  year =   {1996}
}

@Book{CDK+00,
  author =   {Rohit Chandra and Leo Dagum and Dave Kohr and Dror Maydan and Jeff McDonald and Ramesh Menon},
  title =    {Parallel Programming in OpenMP},
  publisher =    {Morgan Kaufmann},
  year =   {2000}
}



@InProceedings {JK04a,
  author     = {Jaillet, Christophe and Krajecki, Micha{\"e}l},
  title      = {Solving the Langford problem in parallel},
  booktitle  = {International Symposium on Parallel and Distributed Computing},
  address    = {Cork, Ireland},
  publisher  = {IEEE Computer Society},
  pages      = "83--90",
  month      = jul,
  year       = 2004
}

@Article {SKF10,
  author     = {Steffenel, Luiz Angelo and Krajecki, Micha{\"e}l and Flauzac, Olivier},
  title      = {CONFIIT: a middleware for peer-to-peer computing},
  journal    = {Journal of Supercomputing},
  publisher  = {Springer},
  volume     = 53,
  number     = 1,
  pages      = "86--102",
  month      = jul,
  year       = 2010
}



@techreport{csplib,
author= "I.P. Gent and T. Walsh",
title= "CSPLib: a benchmark library for constraints",
institution= "Technical report APES-09-1999",
year= "1999",
note= "Available from http://csplib.cs.strath.ac.uk/. A shorter version
appears in the Proceedings of the 5th International Conference 
on Principles and Practices of Constraint Programming (CP-99)."
}

@inproceedings{satlib,
   author              = {H. Hoos and 
                          T. Stutzle},
   title               = {SATLIB: An Online Resource for Research on SAT},
   booktitle           = {SAT2000},
   year                = {2000},
   pages               = {283-292},
}

