@CONFERENCE {loiseau2018Flecsphg,
    author    = "\textbf{Julien Loiseau} and Hyun Lim and Ben Bergen and Nicholas Moss and François Alin",
    title     = "FleCSPH: a Parallel and Distributed Smoothed Particle Hydrodynamics Framework Based on FleCSI",
    booktitle = "The 2018 International Conference on High Performance Computing \& Simulation (HPCS 2018)",
    year      = "2018",
    editor    = "IEEE",
    month     = "jul",
    note      = "Accepted",
    keywords = {mypaper}
}

@CONFERENCE {loiseau2018CARLA,
    author    = "\textbf{Julien Loiseau} and François Alin and Christophe Jaillet and Michaël Krajecki",
    title     = "FleCSPHg: A GPU Accelerated Framework for Physics and Astrophysics Simulations",
    booktitle = "Latin America High Performance Computing Conference (CARLA 2018)",
    year      = "2018",
    month     = "jul",
    note      = "Proceedings",
    keywords = {mypaper}
}

@article{krajecki2016many,
  title={Many-core approaches to combinatorial problems: case of the Langford problem},
  author={ Micha{\"e}l Krajecki and \textbf{Julien Loiseau} and Fran{\c{c}}ois Alin and Christophe Jaillet},
  journal={Supercomputing Frontiers and Innovations},
  volume={3},
  number={2},
  pages={21--37},
  year={2016},
  keywords = {mypaper},
    keywords = {mypaper}
}

@inproceedings{loiseau2015parcours,
  title={Parcours de grands graphes sur architecture hybride CPU/GPU},
  author={\textbf{Julien Loiseau} and Fran{\c{c}}ois Alin and Christophe Jaillet and Micha{\"e}l Krajecki},
  booktitle={Mod{\`e}les et Analyses R{\'e}seau: Approches Math{\'e}matiques et Informatiques (MARAMI) 2015. 14-16 Octobre Nimes. Journ{\'e}e Fouille de Grands Graphes (JFGG)},
  year={2015},
    keywords = {mypaper}
}

@inproceedings{krajecki2016bfs,
  title={BFS Traversal on Multi-GPU Cluster},
  author={Micha{\"e}l Krajecki and \textbf{Julien Loiseau} and Fran{\c{c}}ois Alin and Christophe Jaillet},
  booktitle={2016 IEEE Intl Conference on Computational Science and Engineering (CSE) and IEEE Intl Conference on Embedded and Ubiquitous Computing (EUC) and 15th Intl Symposium on Distributed Computing and Applications for Business Engineering (DCABES)},
  year={2016},
    keywords = {mypaper}
}

@inproceedings{deleau2014towards,
  title={Towards the Parallel Resolution of the Langford Problem on a Cluster of GPU Devices},
  author={Herv{\'e} Deleau and Christophe Jaillet and Micha{\"e}l Krajecki and \textbf{Julien Loiseau} and Luiz Angelo Steffenel and Fran{\c{c}}ois Alin and Lyc{\'e}e Franklin Roosvelt},
  booktitle={CSC14: The Sixth SIAM Workshop on Combinatorial Scientific Computing},
  pages={66},
  year={2014},
    keywords = {mypaper}
}

@inproceedings{j2016resolution,
  title={R{\'e}solution du probl{\`e}me de langford sur architecture massivement parall{\`e}le CPU/GPU.},
  author={\textbf{Julien Loiseau} and Christophe Jaillet and Fran{\c{c}}ois Alin and Micha{\"e}l Krajecki},
  booktitle={Compas' Conference 2016. Lorient, June 2016, France},
  year={2016},
    keywords = {mypaper}
}

# POSTERS 

@inproceedings{debrye20162HOT,
  title={Domain Partitioning and Problem Space Representations for Compact Binary Mergers},
  author={ De Brye, Nicola and George, Daniel and Hordemann, Glenn and Lim, Hyun and Loiseau, Julien and Miller, Jonah and Sharman, Johnathan},
  booktitle={Poster at the 2016 Co-Design Summer School, Los Alamos.},
  year={2016}
}

@inproceedings{jaillet2014Langford,
  title={Langford Problem: Massively Parallel Resolution on a MultiGPU Cluster.},
  author={Jaillet, Christophe and Deleau, Herv{\'e} and Krajecki, Micha{\"e}l and Steffenel, Luiz-Angelo and Alin, Fran{\c{c}}ois and Loiseau, Julien},
  booktitle={CSC14: The Sixth SIAM Workshop on Combinatorial Scientific Computing},
  year={2014}
}

@inproceedings{loiseau2015GTC,
  title={Massively Parallel Resolution of Combinatorial Problems on MultiGPU Clusters.},
  author={Loiseau, Julien and Jaillet, Christophe and Alin, Fran{\c{c}}ois and Krajecki, Micha{\"e}l},
  booktitle={GTC Technology Conference 2015.},
  year={2015}
}

@inproceedings{loiseau2017SC,
  title={A Parallel and Distributed Smoothed Particle Hydrodynamics Implementation Based on the FleCSI Framework.},
  author={Loiseau, Julien and Lim, Hyun and Moss, Nick and Bergen, Ben},
  booktitle={SuperComputing conference, Denver CO},
  year={2017}
}


