@CONFERENCE {loiseau2018Flecsphg,
    author    = "Julien Loiseau and Hyun Lim and Ben Bergen and Nicholas Moss and François Alin",
    title     = "FleCSPH: a Parallel and Distributed Smoothed Particle Hydrodynamics Framework Based on FleCSI",
    booktitle = "The 2018 International Conference on High Performance Computing \& Simulation (HPCS 2018)",
    year      = "2018",
    editor    = "IEEE",
    month     = "jul",
    note      = "Accepted"
}

@CONFERENCE {loiseau2018CARLA,
    author    = "Julien Loiseau and François Alin and Christophe Jaillet and Michaël Krajecki",
    title     = "FleCSPHg: A GPU Accelerated Framework for Physics and Astrophysics Simulations",
    booktitle = "Latin America High Performance Computing Conference (CARLA 2018)",
    year      = "2018",
    month     = "jul",
    note      = "Proceedings"
}

@article{krajecki2016many,
  title={Many-core approaches to combinatorial problems: case of the Langford problem},
  author={Krajecki, Micha{\"e}l and Loiseau, Julien and Alin, Fran{\c{c}}ois and Jaillet, Christophe},
  journal={Supercomputing Frontiers and Innovations},
  volume={3},
  number={2},
  pages={21--37},
  year={2016}
}

@inproceedings{loiseau2015parcours,
  title={Parcours de grands graphes sur architecture hybride CPU/GPU},
  author={Loiseau, Julien and Alin, Fran{\c{c}}ois and Jaillet, Christophe and Krajecki, Micha{\"e}l},
  booktitle={Mod{\`e}les et Analyses R{\'e}seau: Approches Math{\'e}matiques et Informatiques (MARAMI) 2015. 14-16 Octobre N{\^\i}mes. Journ{\'e}e Fouille de Grands Graphes (JFGG)},
  year={2015}
}

@inproceedings{krajecki2016bfs,
  title={BFS Traversal on Multi-GPU Cluster},
  author={Krajecki, Micha{\"e}l and Loiseau, Julien and Alin, Fran{\c{c}}ois and Jaillet, Christophe},
  booktitle={2016 IEEE Intl Conference on Computational Science and Engineering (CSE) and IEEE Intl Conference on Embedded and Ubiquitous Computing (EUC) and 15th Intl Symposium on Distributed Computing and Applications for Business Engineering (DCABES)},
  year={2016}
}

@inproceedings{deleau2014towards,
  title={Towards the Parallel Resolution of the Langford Problem on a Cluster of GPU Devices},
  author={Deleau, Herv{\'e} and Jaillet, Christophe and Krajecki, Micha{\"e}l and Loiseau, Julien and Steffenel, Luiz Angelo and Alin, Fran{\c{c}}ois and Roosvelt, Lyc{\'e}e Franklin},
  booktitle={CSC14: The Sixth SIAM Workshop on Combinatorial Scientific Computing},
  pages={66},
  year={2014}
}

@inproceedings{j2016resolution,
  title={R{\'e}solution du probl{\`e}me de langford sur architecture massivement parall{\`e}le CPU/GPU.},
  author={Loiseau, Julien and Jaillet, Christophe and Alin, Fran{\c{c}}ois and Krajecki, Micha{\"e}l},
  booktitle={Compas' Conference 2016. Lorient, June 2016, France},
  year={2016}
}

# POSTERS 

@inproceedings{debrye20162HOT,
  title={Domain Partitioning and Problem Space Representations for Compact Binary Mergers},
  author={ De Brye, Nicola and George, Daniel and Hordemann, Glenn and Lim, Hyun and Loiseau, Julien and Miller, Jonah and Sharman, Johnathan},
  booktitle={Poster at the 2016 Co-Design Summer School, Los Alamos.},
  year={2016}
}

@inproceedings{jaillet2014Langford,
  title={Langford Problem: Massively Parallel Resolution on a MultiGPU Cluster.},
  author={Jaillet, Christophe and Deleau, Herv{\'e} and Krajecki, Micha{\"e}l and Steffenel, Luiz-Angelo and Alin, Fran{\c{c}}ois and Loiseau, Julien},
  booktitle={CSC14: The Sixth SIAM Workshop on Combinatorial Scientific Computing},
  year={2014}
}

@inproceedings{loiseau2015GTC,
  title={Massively Parallel Resolution of Combinatorial Problems on MultiGPU Clusters.},
  author={Loiseau, Julien and Jaillet, Christophe and Alin, Fran{\c{c}}ois and Krajecki, Micha{\"e}l},
  booktitle={GTC Technology Conference 2015.},
  year={2015}
}

@inproceedings{loiseau2017SC,
  title={A Parallel and Distributed Smoothed Particle Hydrodynamics Implementation Based on the FleCSU Framework.},
  author={Loiseau, Julien and Lim, Hyun and Moss, Nick and Bergen, Ben},
  booktitle={SuperComputing conference, Denver CO},
  year={2017}
}


